
@Misc{rane_ssl,
author = {Rane},
title = {Serato Scratch Live},
howpublished = {\url{http://serato.com/scratchlive/}}
}

@Misc{ni_tsp,
author = {{Native Instruments}},
title = {Traktor Scratch Pro 2},
howpublished = {\url{http://www.native-instruments.com/#/en/products/?category=1315}}
}

@Misc{numark_v7,
author = {Numark},
title = {V7 Motorized Turntable},
howpublished = {\url{http://www.numark.com/product/v7}}
}

@Misc{denon_sc3900,
author = {Denon},
title = {SC-3900 Digital Media Turntable and DJ controller},
howpublished = {\url{http://www.dm-pro.eu/en/denondj/products/86/sc3900-digital-media-turntable-dj-controller/}}
}

@Misc{eks_op,
author = {Eks},
title = {Otus Plus},
howpublished = {\url{http://eks.fi/product.php?p=products&id=64}}
}

@Misc{pioneer_ddjs1,
author = {Pioneer},
title = {DDJ-S1},
howpublished = {\url{http://www.pioneer.eu/it/products/44/216/34209/DDJ-S1/index.html}}
}

@Misc{stanton_scs3d,
author = {Stanton},
title = {SCS.3D},
howpublished = {\url{http://www.stantondj.com/stanton-controllers-systems/scs3d.html}}
}

@Misc{vestax_vci400,
author = {Vestax},
title = {VCI-400},
howpublished = {\url{http://www.vestax.com/v/products/detail.php?cate_id=186}}
}

@Misc{sm_emulator,
author = {{Smithson Martin}},
title = {Emulator},
howpublished = {\url{http://www.smithsonmartin.com/products/emulator/}}
}

@Misc{hn_touchosc,
author = {hexler.net},
title = {TouchOSC},
howpublished = {\url{http://hexler.net/software/touchosc}}
}

@Misc{hercules_djcmp3e2,
author = {Hercules},
title = {DJ Control MP3 e2},
howpublished = {\url{http://www.hercules.com/it/DJ-Musica/bdd/p/110/dj-control-mp3-e2/}}
}

@Misc{,
author = {},
title = {},
howpublished = {\url{}}
}


